@misc{goodfellow-2014, title={Generative Adversarial Networks}, url={https://arxiv.org/abs/1406.2661}, journal={[1406.2661] Generative Adversarial Networks}, author={Goodfellow, Ian J. and Pouget-Abadie, Jean and Mirza, Mehdi and Xu, Bing and Warde-Farley, David and Ozair, Sherjil and Courville, Aaron and Bengio, Yoshua}, year={2014}, month={Jun}}

@misc{arjovsky_bottou_2017, title={Towards Principled Methods for Training Generative Adversarial Networks}, url={https://arxiv.org/abs/1701.04862}, journal={[1701.04862] Towards Principled Methods for Training Generative Adversarial Networks}, author={Arjovsky, Martin and Bottou, Léon}, year={2017}, month={Jan}}

@misc{arjovsky_chintala_bottou_2017, title={Wasserstein GAN}, url={https://arxiv.org/abs/1701.07875}, journal={[1701.07875] Wasserstein GAN}, author={Arjovsky, Martin and Chintala, Soumith and Bottou, Léon}, year={2017}, month={Mar}}

@misc{radford_metz_chintala_2016, title={Unsupervised Representation Learning with Deep Convolutional Generative Adversarial Networks}, url={https://arxiv.org/abs/1511.06434}, journal={[1511.06434] Unsupervised Representation Learning with Deep Convolutional Generative Adversarial Networks}, author={Radford, Alec and Metz, Luke and Chintala, Soumith}, year={2016}, month={Jan}}

@misc{donahue_krähenbühl_darrell_2017, title={Adversarial Feature Learning}, url={https://arxiv.org/abs/1605.09782}, journal={[1605.09782] Adversarial Feature Learning}, author={Donahue, Jeff and Krähenbühl, Philipp and Darrell, Trevor}, year={2017}, month={Apr}}

@misc{berthelot_schumm_metz_2017, title={BEGAN: Boundary Equilibrium Generative Adversarial Networks}, url={https://arxiv.org/abs/1703.10717}, journal={[1703.10717] BEGAN: Boundary Equilibrium Generative Adversarial Networks}, author={Berthelot, David and Schumm, Thomas and Metz, Luke}, year={2017}, month={Apr}}

@misc{zhu_park_isola_efros_2017, title={Unpaired Image-to-Image Translation using Cycle-Consistent Adversarial Networks}, url={https://arxiv.org/abs/1703.10593}, journal={[1703.10593] Unpaired Image-to-Image Translation using Cycle-Consistent Adversarial Networks}, author={Zhu, Jun-Yan and Park, Taesung and Isola, Phillip and Efros, Alexei A.}, year={2017}, month={Mar}}

@misc{mirza_osindero_2014, title={Conditional Generative Adversarial Nets}, url={https://arxiv.org/abs/1411.1784}, journal={[1411.1784] Conditional Generative Adversarial Nets}, author={Mirza, Mehdi and Osindero, Simon}, year={2014}, month={Nov}}

@misc{kingma_ba_2017, title={Adam: A Method for Stochastic Optimization}, url={https://arxiv.org/abs/1412.6980}, journal={[1412.6980] Adam: A Method for Stochastic Optimization}, author={Kingma, Diederik P. and Ba, Jimmy}, year={2017}, month={Jan}}